@misc{wikipedia:sorting-algorithms,
  author = {Wikipedia},
  title =  {Sorting algorithm},
  year =   2011,
  month =  sep,
  howpublished = {\url{http://en.wikipedia.org/wiki/Sorting_algorithm}}
}

@misc{wikipedia:needleman-wunsch,
  author = {Wikipedia},
  title =  {Needleman-Wunsch algorithm},
  year =   2012,
  month =  oct,
  howpublished = {\url{http://en.wikipedia.org/wiki/Needleman-Wunsch_algorithm}}
}

@misc{wikipedia:smith-waterman,
  author = {Wikipedia},
  title =  {Smith-Waterman algorithm},
  year =   2012,
  month =  oct,
  howpublished = {\url{http://en.wikipedia.org/wiki/Smith-Waterman_algorithm}}
}

@misc{gnuplot,
  author = {Thomas Williams and Colin Kelley and many others},
  title =  {Gnuplot},
  year =   2011,
  month =  sep,
  howpublished = {\url{http://www.gnuplot.info/}}
}

@misc{gnu-make,
  author = {Free Software Foundation},
  title =  {{GNU} Make},
  year =   2011,
  month =  sep,
  howpublished = {\url{http://www.gnu.org/software/make/}}
}

@misc{wikipedia:bubble-sort,
  author = {Wikipedia},
  title =  {Bubble sort},
  year =   2011,
  month =  sep,
  howpublished = {\url{http://en.wikipedia.org/wiki/Bubble_sort}}
}

@misc{wikipedia:insertion-sort,
  author = {Wikipedia},
  title =  {Insertion sort},
  year =   2011,
  month =  sep,
  howpublished = {\url{http://en.wikipedia.org/wiki/Insertion_sort}}
}

@misc{wikipedia:merge-sort,
  author = {Wikipedia},
  title =  {Merge sort},
  year =   2011,
  month =  sep,
  howpublished = {\url{http://en.wikipedia.org/wiki/Merge_sort}}
}

@misc{wikipedia:cocktail-sort,
  author = {Wikipedia},
  title =  {Cocktail sort},
  year =   2011,
  month =  sep,
  howpublished = {\url{http://en.wikipedia.org/wiki/Cocktail_sort}}
}

@book{loudon,
  author = {Kyle Loudon},
  title =  {Mastering Algorithms with C},
  publisher = {O'Reilly Media},
  year = 1999
}

@misc{lecture6,
  author = {Roland Philippsen},
  title =  {{ITADS} 2012 lecture 6: dynamic programming},
  year =   2012,
  month =  oct,
  howpublished = {\url{http://poftwaresatent.net/r/itads2012/slides/06-dynamic-programming-print.pdf}}
}

@article{needleman-wunsch:1970,
  author = {Needleman, Saul B. and Wunsch, Christian D.},
  title =  {A general method applicable to the search for similarities in the amino acid sequence of two proteins},
  journal = {Journal of Molecular Biology},
  volume = 48,
  number = 3,
  pages = {443--53},
  year = 1970
}
