@misc{wikipedia:sorting-algorithms,
  author = {Wikipedia},
  title =  {Sorting algorithm},
  year =   2011,
  month =  sep,
  howpublished = {\url{http://en.wikipedia.org/wiki/Sorting_algorithm}}
}

@misc{gnuplot,
  author = {Thomas Williams and Colin Kelley and many others},
  title =  {Gnuplot},
  year =   2011,
  month =  sep,
  howpublished = {\url{http://www.gnuplot.info/}}
}

@misc{gnu-make,
  author = {Free Software Foundation},
  title =  {{GNU} Make},
  year =   2011,
  month =  sep,
  howpublished = {\url{http://www.gnu.org/software/make/}}
}

@misc{itads-p1,
  author = {Roland Philippsen},
  title =  {ITADS Project 1},
  year =   2011,
  month =  sep,
  howpublished = {\url{http://tinyurl.com/itads-ht11-p1}}
}

@misc{wikipedia:bubble-sort,
  author = {Wikipedia},
  title =  {Bubble sort},
  year =   2011,
  month =  sep,
  howpublished = {\url{http://en.wikipedia.org/wiki/Bubble_sort}}
}

@misc{wikipedia:insertion-sort,
  author = {Wikipedia},
  title =  {Insertion sort},
  year =   2011,
  month =  sep,
  howpublished = {\url{http://en.wikipedia.org/wiki/Insertion_sort}}
}

@misc{wikipedia:merge-sort,
  author = {Wikipedia},
  title =  {Merge sort},
  year =   2011,
  month =  sep,
  howpublished = {\url{http://en.wikipedia.org/wiki/Merge_sort}}
}

@misc{wikipedia:cocktail-sort,
  author = {Wikipedia},
  title =  {Cocktail sort},
  year =   2011,
  month =  sep,
  howpublished = {\url{http://en.wikipedia.org/wiki/Cocktail_sort}}
}

@misc{wikipedia:priority-queue,
  author = {Wikipedia},
  title =  {Priority queue},
  year =   2011,
  month =  oct,
  howpublished = {\url{http://en.wikipedia.org/wiki/Priority_queue}}
}

@misc{java:linked-list,
  author = {java.util},
  title =  {{LinkedList$<$E$>$}},
  year =   2011,
  month =  oct,
  howpublished = {\url{http://download.oracle.com/javase/1.5.0/docs/api/java/util/LinkedList.html}}
}

@misc{java:array-list,
  author = {java.util},
  title =  {{ArrayList$<$E$>$}},
  year =   2011,
  month =  oct,
  howpublished = {\url{http://download.oracle.com/javase/1.5.0/docs/api/java/util/ArrayList.html}}
}

@misc{java:hash-set,
  author = {java.util},
  title =  {{HashSet$<$E$>$}},
  year =   2011,
  month =  oct,
  howpublished = {\url{http://download.oracle.com/javase/1.5.0/docs/api/java/util/HashSet.html}}
}

@misc{java:tree-set,
  author = {java.util},
  title =  {{TreeSet$<$E$>$}},
  year =   2011,
  month =  oct,
  howpublished = {\url{http://download.oracle.com/javase/1.5.0/docs/api/java/util/TreeSet.html}}
}

@misc{java:hash-map,
  author = {java.util},
  title =  {{HashMap$<$K,V$>$}},
  year =   2011,
  month =  oct,
  howpublished = {\url{http://download.oracle.com/javase/1.5.0/docs/api/java/util/HashMap.html}}
}

@misc{java:tree-map,
  author = {java.util},
  title =  {{TreeMap$<$K,V$>$}},
  year =   2011,
  month =  oct,
  howpublished = {\url{http://download.oracle.com/javase/1.5.0/docs/api/java/util/TreeMap.html}}
}
